<record><leader>00000cas a22000007a 4500</leader><controlfield tag="001">32450428</controlfield><controlfield tag="008">950510d187618uucauwr ne      0    0eng d</controlfield><datafield ind1=" " ind2=" " tag="010"><subfield code="a">sn 95062765 </subfield></datafield><datafield ind1=" " ind2=" " tag="040"><subfield code="a">CUY</subfield><subfield code="b">eng</subfield><subfield code="c">CNK</subfield><subfield code="d">OCLCQ</subfield><subfield code="d">OCLCF</subfield><subfield code="d">OCLCO</subfield></datafield><datafield ind1="1" ind2=" " tag="029"><subfield code="a">AU@</subfield><subfield code="b">000011677328</subfield></datafield><datafield ind1=" " ind2=" " tag="042"><subfield code="a">msc</subfield></datafield><datafield ind1=" " ind2=" " tag="043"><subfield code="a">n-us-ca</subfield></datafield><datafield ind1="0" ind2="4" tag="245"><subfield code="a">The Bidwell herald.</subfield></datafield><datafield ind1=" " ind2=" " tag="260"><subfield code="a">Camp Bidwell, Modoc Co., Cal. :</subfield><subfield code="b">Fred A. Smith</subfield></datafield><datafield ind1=" " ind2=" " tag="300"><subfield code="a">v.</subfield></datafield><datafield ind1=" " ind2=" " tag="310"><subfield code="a">Weekly</subfield></datafield><datafield ind1="0" ind2=" " tag="362"><subfield code="a">Vol. 1, no. 1 (Nov. 1, 1876)-</subfield></datafield><datafield ind1=" " ind2=" " tag="515"><subfield code="a">First issue preceded by a prospectus dated Oct. 4, 1876.</subfield></datafield><datafield ind1=" " ind2="0" tag="651"><subfield code="a">Fort Bidwell (Calif.)</subfield><subfield code="v">Newspapers.</subfield></datafield><datafield ind1=" " ind2="7" tag="655"><subfield code="a">Newspapers.</subfield><subfield code="2">fast</subfield><subfield code="0">(OCoLC)fst01423814</subfield></datafield><datafield ind1=" " ind2="7" tag="651"><subfield code="a">California</subfield><subfield code="z">Fort Bidwell.</subfield><subfield code="2">fast</subfield><subfield code="0">(OCoLC)fst01299271</subfield></datafield><datafield ind1=" " ind2=" " tag="752"><subfield code="a">United States</subfield><subfield code="b">California</subfield><subfield code="c">Modoc</subfield><subfield code="d">Fort Bidwell.</subfield></datafield></record>